%%%% BERT
@article{DBLP:journals/corr/abs-1810-04805,
  author    = {Jacob Devlin and
               Ming{-}Wei Chang and
               Kenton Lee and
               Kristina Toutanova},
  title     = {{BERT:} Pre-training of Deep Bidirectional Transformers for Language
               Understanding},
  journal   = {CoRR},
  volume    = {abs/1810.04805},
  year      = {2018},
  url       = {http://arxiv.org/abs/1810.04805},
  eprinttype = {arXiv},
  eprint    = {1810.04805},
  timestamp = {Tue, 30 Oct 2018 20:39:56 +0100},
  biburl    = {https://dblp.org/rec/journals/corr/abs-1810-04805.bib},
  bibsource = {dblp computer science bibliography, https://dblp.org}
}
%%%% ViT
@article{DBLP:journals/corr/abs-2010-11929,
  author    = {Alexey Dosovitskiy and
               Lucas Beyer and
               Alexander Kolesnikov and
               Dirk Weissenborn and
               Xiaohua Zhai and
               Thomas Unterthiner and
               Mostafa Dehghani and
               Matthias Minderer and
               Georg Heigold and
               Sylvain Gelly and
               Jakob Uszkoreit and
               Neil Houlsby},
  title     = {An Image is Worth 16x16 Words: Transformers for Image Recognition
               at Scale},
  journal   = {CoRR},
  volume    = {abs/2010.11929},
  year      = {2020},
  url       = {https://arxiv.org/abs/2010.11929},
  eprinttype = {arXiv},
  eprint    = {2010.11929},
  timestamp = {Fri, 20 Nov 2020 14:04:05 +0100},
  biburl    = {https://dblp.org/rec/journals/corr/abs-2010-11929.bib},
  bibsource = {dblp computer science bibliography, https://dblp.org}
}
%%% Attention is all you need
@inproceedings{NIPS2017_3f5ee243,
 author = {Vaswani, Ashish and Shazeer, Noam and Parmar, Niki and Uszkoreit, Jakob and Jones, Llion and Gomez, Aidan N and Kaiser, \L ukasz and Polosukhin, Illia},
 booktitle = {Advances in Neural Information Processing Systems},
 editor = {I. Guyon and U. Von Luxburg and S. Bengio and H. Wallach and R. Fergus and S. Vishwanathan and R. Garnett},
 pages = {},
 publisher = {Curran Associates, Inc.},
 title = {Attention is All you Need},
 url = {https://proceedings.neurips.cc/paper/2017/file/3f5ee243547dee91fbd053c1c4a845aa-Paper.pdf},
 volume = {30},
 year = {2017}
}
%%% Network In Network -- GAP 
@article{lin2013network,
  title={Network in network},
  author={Lin, Min and Chen, Qiang and Yan, Shuicheng},
  journal={arXiv preprint arXiv:1312.4400},
  year={2013}
}


%%% Self Attention
@article{DBLP:journals/corr/ChengDL16,
  author    = {Jianpeng Cheng and
               Li Dong and
               Mirella Lapata},
  title     = {Long Short-Term Memory-Networks for Machine Reading},
  journal   = {CoRR},
  volume    = {abs/1601.06733},
  year      = {2016},
  url       = {http://arxiv.org/abs/1601.06733},
  eprinttype = {arXiv},
  eprint    = {1601.06733},
  timestamp = {Mon, 13 Aug 2018 16:48:39 +0200},
  biburl    = {https://dblp.org/rec/journals/corr/ChengDL16.bib},
  bibsource = {dblp computer science bibliography, https://dblp.org}
}
%%% ImageNet 2012
 @inproceedings{deng2009imagenet,
  title={Imagenet: A large-scale hierarchical image database},
  author={Deng, Jia and Dong, Wei and Socher, Richard and Li, Li-Jia and Li, Kai and Fei-Fei, Li},
  booktitle={2009 IEEE conference on computer vision and pattern recognition},
  pages={248--255},
  year={2009},
  organization={Ieee}
} 
%%% ResNet 
@article{DBLP:journals/corr/HeZRS15,
  author    = {Kaiming He and
               Xiangyu Zhang and
               Shaoqing Ren and
               Jian Sun},
  title     = {Deep Residual Learning for Image Recognition},
  journal   = {CoRR},
  volume    = {abs/1512.03385},
  year      = {2015},
  url       = {http://arxiv.org/abs/1512.03385},
  eprinttype = {arXiv},
  eprint    = {1512.03385},
  timestamp = {Wed, 25 Jan 2023 11:01:16 +0100},
  biburl    = {https://dblp.org/rec/journals/corr/HeZRS15.bib},
  bibsource = {dblp computer science bibliography, https://dblp.org}
}
%%% CAM
@inproceedings{zhou2016learning,    
    author = {Zhou, Bolei and Khosla, Aditya and Lapedriza, Agata and Oliva, Aude and Torralba, Antonio},
    title = {Learning Deep Features for Discriminative Localization},
    booktitle = {CVPR},
    year = {2016}
} 
%%% Grad-CAM
@article{DBLP:journals/corr/SelvarajuDVCPB16,
  author    = {Ramprasaath R. Selvaraju and
               Abhishek Das and
               Ramakrishna Vedantam and
               Michael Cogswell and
               Devi Parikh and
               Dhruv Batra},
  title     = {Grad-CAM: Why did you say that? Visual Explanations from Deep Networks
               via Gradient-based Localization},
  journal   = {CoRR},
  volume    = {abs/1610.02391},
  year      = {2016},
  url       = {http://arxiv.org/abs/1610.02391},
  eprinttype = {arXiv},
  eprint    = {1610.02391},
  timestamp = {Mon, 13 Aug 2018 16:46:58 +0200},
  biburl    = {https://dblp.org/rec/journals/corr/SelvarajuDVCPB16.bib},
  bibsource = {dblp computer science bibliography, https://dblp.org}
}
%%% Grad-CAM++
@article{DBLP:journals/corr/abs-1710-11063,
  author    = {Aditya Chattopadhyay and
               Anirban Sarkar and
               Prantik Howlader and
               Vineeth N. Balasubramanian},
  title     = {Grad-CAM++: Generalized Gradient-based Visual Explanations for Deep
               Convolutional Networks},
  journal   = {CoRR},
  volume    = {abs/1710.11063},
  year      = {2017},
  url       = {http://arxiv.org/abs/1710.11063},
  eprinttype = {arXiv},
  eprint    = {1710.11063},
  timestamp = {Tue, 02 Aug 2022 09:11:19 +0200},
  biburl    = {https://dblp.org/rec/journals/corr/abs-1710-11063.bib},
  bibsource = {dblp computer science bibliography, https://dblp.org}
}
%%% Score-CAM
@article{DBLP:journals/corr/abs-1910-01279,
  author    = {Haofan Wang and
               Mengnan Du and
               Fan Yang and
               Zijian Zhang},
  title     = {Score-CAM: Improved Visual Explanations Via Score-Weighted Class Activation
               Mapping},
  journal   = {CoRR},
  volume    = {abs/1910.01279},
  year      = {2019},
  url       = {http://arxiv.org/abs/1910.01279},
  eprinttype = {arXiv},
  eprint    = {1910.01279},
  timestamp = {Thu, 04 Feb 2021 15:37:59 +0100},
  biburl    = {https://dblp.org/rec/journals/corr/abs-1910-01279.bib},
  bibsource = {dblp computer science bibliography, https://dblp.org}
}

%%%$ Opti-CAM
@article{zhang2023opti,
  title={Opti-CAM: Optimizing saliency maps for interpretability},
  author={Zhang, Hanwei and Torres, Felipe and Sicre, Ronan and Avrithis, Yannis and Ayache, Stephane},
  journal={arXiv preprint arXiv:2301.07002},
  year={2023}
}



%%%% related work

%%% survey
@article{guidotti2018survey,
author = {Guidotti, Riccardo and Monreale, Anna and Ruggieri, Salvatore and Turini, Franco and Giannotti, Fosca and Pedreschi, Dino},
title = {A Survey of Methods for Explaining Black Box Models},
year = {2018},
issue_date = {January 2019},
publisher = {Association for Computing Machinery},
address = {New York, NY, USA},
volume = {51},
number = {5},
issn = {0360-0300},
journal = {ACM Comput. Surv.},
articleno = {93},
numpages = {42},
keywords = {transparent models, explanations, interpretability, Open the black box}
}

@article{zhang2021survey,
  title={A survey on neural network interpretability},
  author={Zhang, Yu and Ti{\v{n}}o, Peter and Leonardis, Ale{\v{s}} and Tang, Ke},
  journal={IEEE Transactions on Emerging Topics in Computational Intelligence},
  volume={5},
  number={5},
  pages={726--742},
  year={2021},
  publisher={IEEE}
}

%%%% post hoc

%%% gradient-based 
@article{adebayo2018local,
  author    = {Julius Adebayo and
               Justin Gilmer and
               Ian J. Goodfellow and
               Been Kim},
  title     = {Local Explanation Methods for Deep Neural Networks Lack Sensitivity
               to Parameter Values},
  journal = {ICLR Workshop},
  year      = {2018},

}

@article{springenberg2014striving,
  author    = {Jost Tobias Springenberg and
               Alexey Dosovitskiy and
               Thomas Brox and
               Martin A. Riedmiller},
  editor    = {Yoshua Bengio and
               Yann LeCun},
  title     = {Striving for Simplicity: The All Convolutional Net},
  journal = {ICLR},
  year      = {2015},

}

@article{baehrens2010explain,
  author    = {David Baehrens and
               Timon Schroeter and
               Stefan Harmeling and
               Motoaki Kawanabe and
               Katja Hansen and
               Klaus{-}Robert M{\"{u}}ller},
  title     = {How to Explain Individual Classification Decisions},
  journal   = {J. MLR},
  year      = {2010}
}

@article{simonyan2013deep,
  author       = "Karen Simonyan and Andrea Vedaldi and Andrew Zisserman",
  title        = "Deep Inside Convolutional Networks: Visualising Image Classification Models and Saliency Maps",
  journal    = "ICLR Workshop",
  year         = "2014",
}

@article{smilkov2017smoothgrad,
  author    = {Daniel Smilkov and
               Nikhil Thorat and
               Been Kim and
               Fernanda B. Vi{\'{e}}gas and
               Martin Wattenberg},
  title     = {SmoothGrad: removing noise by adding noise},
  journal   = {CoRR},
  volume    = {abs/1706.03825},
  year      = {2017},
  eprinttype = {arXiv},
  eprint    = {1706.03825},
}

@article{bach2015pixel,
  title={On Pixel-Wise Explanations for Non-Linear Classifier Decisions by Layer-Wise Relevance Propagation},
  author={Bach, Sebastian and Binder, Alexander and Montavon, Gr{\'e}goire and Klauschen, Frederick and M{\"u}ller, Klaus-Robert and Samek, Wojciech},
  journal={PloS one},
  year={2015},
  publisher={Public Library of Science San Francisco, CA USA}
}

@inproceedings{sundararajan2017axiomatic,
    author = {Sundararajan, Mukund and Taly, Ankur and Yan, Qiqi},
    title = {Axiomatic Attribution for Deep Networks},
    year = {2017},
    booktitle = {ICML},
}

%%%%% cam-based
@article{fu2020axiom,
  title={Axiom-based Grad-CAM: Towards Accurate Visualization and Explanation of CNNs},
  author={Fu, Ruigang and Hu, Qingyong and Dong, Xiaohu and Guo, Yulan and Gao, Yinghui and Li, Biao},
  journal={BMVC},
  year={2020}
}

@article{jiang2021layercam,
  title={Layercam: Exploring hierarchical class activation maps for localization},
  author={Jiang, Peng-Tao and Zhang, Chang-Bin and Hou, Qibin and Cheng, Ming-Ming and Wei, Yunchao},
  journal={IEEE Transactions on Image Processing},
  volume={30},
  pages={5875--5888},
  year={2021},
  publisher={IEEE}
}

@inproceedings{ramaswamy2020ablation,
    author = {desai, saurabh and Ramaswamy, Harish Guruprasad},
    title = {Ablation-CAM: Visual Explanations for Deep Convolutional Network via Gradient-free Localization},
    booktitle = {WACV},
    year = {2020}
} 

%%% occlusion based
% Insertion-Deletion
@article{petsiuk2018rise,
  title = {RISE: Randomized Input Sampling for Explanation of Black-box Models},
  author = {Vitali Petsiuk and Abir Das and Kate Saenko},
  journal = {BMVC},
  year = {2018}
}

@inproceedings{fong2017interpretable,
    author = {Fong, Ruth C. and Vedaldi, Andrea},
    title = {Interpretable Explanations of Black Boxes by Meaningful Perturbation},
    booktitle = {ICCV},
    year = {2017}
} 

@inproceedings{fong2019understanding,
  title={Understanding deep networks via extremal perturbations and smooth masks},
  author={Fong, Ruth and Patrick, Mandela and Vedaldi, Andrea},
  booktitle={Proceedings of the IEEE/CVF international conference on computer vision},
  pages={2950--2958},
  year={2019}
}

%%%% learning based
@article{chang2018explaining,
  author    = {Chun{-}Hao Chang and
               Elliot Creager and
               Anna Goldenberg and
               David Duvenaud},
  title     = {Explaining Image Classifiers by Counterfactual Generation},
  journal = {ICLR},
  year      = {2019},
}

@article{dabkowski2017real,
 author = {Dabkowski, Piotr and Gal, Yarin},
 journal = {NIPS},
 editor = {I. Guyon and U. V. Luxburg and S. Bengio and H. Wallach and R. Fergus and S. Vishwanathan and R. Garnett},
 publisher = {Curran Associates, Inc.},
 title = {Real Time Image Saliency for Black Box Classifiers},
 year = {2017}
}

@article{phang2020investigating,
  title={Investigating and Simplifying Masking-based Saliency Methods for Model Interpretability},
  author={Phang, Jason and Park, Jungkyu and Geras, Krzysztof J},
  journal={arXiv preprint arXiv:2010.09750},
  year={2020}
}

@article{zolna2020classifier,
    title = {Classifier-agnostic saliency map extraction},
    journal = {CVIU},
    volume = {196},
    pages = {102969},
    year = {2020},
    issn = {1077-3142},
    author = {Konrad Zolna and Krzysztof J. Geras and Kyunghyun Cho},
}

@article{schulz2020restricting,
  title={Restricting the flow: Information bottlenecks for attribution},
  author={Schulz, Karl and Sixt, Leon and Tombari, Federico and Landgraf, Tim},
  journal={arXiv preprint arXiv:2001.00396},
  year={2020}
}



%%% LIME
@inproceedings{ribeiro2016should,
    author = {Ribeiro, Marco Tulio and Singh, Sameer and Guestrin, Carlos},
    title = {"Why Should I Trust You?": Explaining the Predictions of Any Classifier},
    year = {2016},
    isbn = {9781450342322},
    booktitle = {SIGKDD},
    keywords = {interpretability, black box classifier, explaining machine learning, interpretable machine learning},
    location = {San Francisco, California, USA},
    series = {KDD '16}
}


%%% transparancy

%%% tree based

@inproceedings{wu2018beyond,
  title={Beyond sparsity: Tree regularization of deep models for interpretability},
  author={Wu, Mike and Hughes, Michael and Parbhoo, Sonali and Zazzi, Maurizio and Roth, Volker and Doshi-Velez, Finale},
  booktitle={Proceedings of the AAAI conference on artificial intelligence},
  volume={32},
  year={2018}
}

@inproceedings{wu2020regional,
  title={Regional tree regularization for interpretability in deep neural networks},
  author={Wu, Mike and Parbhoo, Sonali and Hughes, Michael and Kindle, Ryan and Celi, Leo and Zazzi, Maurizio and Roth, Volker and Doshi-Velez, Finale},
  booktitle={Proceedings of the AAAI Conference on Artificial Intelligence},
  volume={34},
  pages={6413--6421},
  year={2020}
}

@article{azzolin2022global,
  title={Global explainability of gnns via logic combination of learned concepts},
  author={Azzolin, Steve and Longa, Antonio and Barbiero, Pietro and Li{\`o}, Pietro and Passerini, Andrea},
  journal={arXiv preprint arXiv:2210.07147},
  year={2022}
}

%%% hidden semantics

@inproceedings{bau2017network,
  title={Network dissection: Quantifying interpretability of deep visual representations},
  author={Bau, David and Zhou, Bolei and Khosla, Aditya and Oliva, Aude and Torralba, Antonio},
  booktitle={Proceedings of the IEEE conference on computer vision and pattern recognition},
  pages={6541--6549},
  year={2017}
}

@article{zhou2018interpreting,
  title={Interpreting deep visual representations via network dissection},
  author={Zhou, Bolei and Bau, David and Oliva, Aude and Torralba, Antonio},
  journal={IEEE transactions on pattern analysis and machine intelligence},
  volume={41},
  number={9},
  pages={2131--2145},
  year={2018},
  publisher={IEEE}
}

@inproceedings{zhang2018interpretable,
  title={Interpretable convolutional neural networks},
  author={Zhang, Quanshi and Wu, Ying Nian and Zhu, Song-Chun},
  booktitle={Proceedings of the IEEE conference on computer vision and pattern recognition},
  pages={8827--8836},
  year={2018}
}

@article{zhou2014object,
  title={Object detectors emerge in deep scene cnns},
  author={Zhou, Bolei and Khosla, Aditya and Lapedriza, Agata and Oliva, Aude and Torralba, Antonio},
  journal={ICLR},
  year={2015}
}

%%% prototype

@inproceedings{li2018deep,
  title={Deep learning for case-based reasoning through prototypes: A neural network that explains its predictions},
  author={Li, Oscar and Liu, Hao and Chen, Chaofan and Rudin, Cynthia},
  booktitle={Proceedings of the AAAI Conference on Artificial Intelligence},
  volume={32},
  number={1},
  year={2018}
}

@article{chen2019looks,
  title={This looks like that: deep learning for interpretable image recognition},
  author={Chen, Chaofan and Li, Oscar and Tao, Daniel and Barnett, Alina and Rudin, Cynthia and Su, Jonathan K},
  journal={Advances in neural information processing systems},
  volume={32},
  year={2019}
}

%%%% attribution

@article{ghaeini2019saliency,
  title={Saliency learning: Teaching the model where to pay attention},
  author={Ghaeini, Reza and Fern, Xiaoli Z and Shahbazi, Hamed and Tadepalli, Prasad},
  journal={NAACL},
  year={2019}
}

@article{ross2017right,
  title={Right for the right reasons: Training differentiable models by constraining their explanations},
  author={Ross, Andrew Slavin and Hughes, Michael C and Doshi-Velez, Finale},
  journal={IJCAI},
  year={2017}
}


@article{ismail2021improving,
  title={Improving deep learning interpretability by saliency guided training},
  author={Ismail, Aya Abdelsalam and Corrada Bravo, Hector and Feizi, Soheil},
  journal={Advances in Neural Information Processing Systems},
  volume={34},
  pages={26726--26739},
  year={2021}
}

@inproceedings{Zhou_2022_BMVC,
author    = {Hao Zhou and Keyang Cheng and Yu Si and Liuyang Yan},
title     = {Improving Interpretability by Information Bottleneck Saliency Guided Localization},
booktitle = {33rd British Machine Vision Conference 2022, {BMVC} 2022, London, UK, November 21-24, 2022},
publisher = {{BMVA} Press},
year      = {2022},
url       = {https://bmvc2022.mpi-inf.mpg.de/0605.pdf}
}



%%%% transformer + CNN
@inproceedings{bello2019attention,
  title={Attention augmented convolutional networks},
  author={Bello, Irwan and Zoph, Barret and Vaswani, Ashish and Shlens, Jonathon and Le, Quoc V},
  booktitle={Proceedings of the IEEE/CVF international conference on computer vision},
  pages={3286--3295},
  year={2019}
}

@article{ramachandran2019stand,
  title={Stand-alone self-attention in vision models},
  author={Ramachandran, Prajit and Parmar, Niki and Vaswani, Ashish and Bello, Irwan and Levskaya, Anselm and Shlens, Jon},
  journal={Advances in neural information processing systems},
  volume={32},
  year={2019}
}

@article{shen2020global,
  title={Global self-attention networks for image recognition},
  author={Shen, Zhuoran and Bello, Irwan and Vemulapalli, Raviteja and Jia, Xuhui and Chen, Ching-Hui},
  journal={arXiv preprint arXiv:2010.03019},
  year={2020}
}

@article{dosovitskiy2020image,
  title={An image is worth 16x16 words: Transformers for image recognition at scale},
  author={Dosovitskiy, Alexey and Beyer, Lucas and Kolesnikov, Alexander and Weissenborn, Dirk and Zhai, Xiaohua and Unterthiner, Thomas and Dehghani, Mostafa and Minderer, Matthias and Heigold, Georg and Gelly, Sylvain and others},
  journal={arXiv preprint arXiv:2010.11929},
  year={2020}
}

@inproceedings{graham2021levit,
  title={Levit: a vision transformer in convnet's clothing for faster inference},
  author={Graham, Benjamin and El-Nouby, Alaaeldin and Touvron, Hugo and Stock, Pierre and Joulin, Armand and J{\'e}gou, Herv{\'e} and Douze, Matthijs},
  booktitle={Proceedings of the IEEE/CVF international conference on computer vision},
  pages={12259--12269},
  year={2021}
}

@article{xiao2021early,
  title={Early convolutions help transformers see better},
  author={Xiao, Tete and Singh, Mannat and Mintun, Eric and Darrell, Trevor and Doll{\'a}r, Piotr and Girshick, Ross},
  journal={Advances in Neural Information Processing Systems},
  volume={34},
  pages={30392--30400},
  year={2021}
}

@inproceedings{liu2021swin,
  title={Swin transformer: Hierarchical vision transformer using shifted windows},
  author={Liu, Ze and Lin, Yutong and Cao, Yue and Hu, Han and Wei, Yixuan and Zhang, Zheng and Lin, Stephen and Guo, Baining},
  booktitle={Proceedings of the IEEE/CVF international conference on computer vision},
  pages={10012--10022},
  year={2021}
}

@inproceedings{heo2021rethinking,
  title={Rethinking spatial dimensions of vision transformers},
  author={Heo, Byeongho and Yun, Sangdoo and Han, Dongyoon and Chun, Sanghyuk and Choe, Junsuk and Oh, Seong Joon},
  booktitle={Proceedings of the IEEE/CVF International Conference on Computer Vision},
  pages={11936--11945},
  year={2021}
}

%% Patchconvnet
@article{touvron2021augmenting,
  title={Augmenting convolutional networks with attention-based aggregation},
  author={Touvron, Hugo and Cord, Matthieu and El-Nouby, Alaaeldin and Bojanowski, Piotr and Joulin, Armand and Synnaeve, Gabriel and J{\'e}gou, Herv{\'e}},
  journal={arXiv preprint arXiv:2112.13692},
  year={2021}
}

@inproceedings{peng2021conformer,
  title={Conformer: Local features coupling global representations for visual recognition},
  author={Peng, Zhiliang and Huang, Wei and Gu, Shanzhi and Xie, Lingxi and Wang, Yaowei and Jiao, Jianbin and Ye, Qixiang},
  booktitle={Proceedings of the IEEE/CVF international conference on computer vision},
  pages={367--376},
  year={2021}
}

@inproceedings{li2021scouter,
  title={SCOUTER: Slot attention-based classifier for explainable image recognition},
  author={Li, Liangzhi and Wang, Bowen and Verma, Manisha and Nakashima, Yuta and Kawasaki, Ryo and Nagahara, Hajime},
  booktitle={Proceedings of the IEEE/CVF International Conference on Computer Vision},
  pages={1046--1055},
  year={2021}
}



@article{lipton18,
  title={The mythos of model interpretability: In machine learning, the concept of interpretability is both important and slippery.},
  author={Lipton, Zachary C},
  journal={Queue},
  volume={16},
  number={3},
  pages={31--57},
  year={2018},
  publisher={ACM New York, NY, USA}
}

%% Raw-Attention, Rollout Attention
@article{abnar2020quantifying,
  title={Quantifying attention flow in transformers},
  author={Abnar, Samira and Zuidema, Willem},
  journal={arXiv preprint arXiv:2005.00928},
  year={2020}
}

%% TIBAV
@inproceedings{chefer2021transformer,
  title={Transformer interpretability beyond attention visualization},
  author={Chefer, Hila and Gur, Shir and Wolf, Lior},
  booktitle={Proceedings of the IEEE/CVF Conference on Computer Vision and Pattern Recognition},
  pages={782--791},
  year={2021}
}

%% Metrics
@inproceedings{choe2020evaluating,
    title = {Evaluating Weakly Supervised Object Localization Methods Right},
    author={Choe, Junsuk and Oh, Seong Joon and Lee, Seungho and Chun, Sanghyuk and Akata, Zeynep and Shim, Hyunjung},
    booktitle = {CVPR},
    year = {2020}
} 

@article{zhang2018top,
    title={Top-Down Neural Attention by Excitation Backprop},
    volume={126},
    journal={IJCV},
    author={Zhang, Jianming and Bargal, Sarah Adel and Lin, Zhe and Brandt, Jonathan and Shen, Xiaohui and Sclaroff, Stan},
    year={2017},
    pages={1084-1102}
}


%% ResNet-based
@inproceedings{he2016deep,
  title={Deep residual learning for image recognition},
  author={He, Kaiming and Zhang, Xiangyu and Ren, Shaoqing and Sun, Jian},
  booktitle={Proceedings of the IEEE conference on computer vision and pattern recognition},
  pages={770--778},
  year={2016}
}


%% ConvNeXt-based
@inproceedings{liu2022convnet,
  title={A convnet for the 2020s},
  author={Liu, Zhuang and Mao, Hanzi and Wu, Chao-Yuan and Feichtenhofer, Christoph and Darrell, Trevor and Xie, Saining},
  booktitle={Proceedings of the IEEE/CVF Conference on Computer Vision and Pattern Recognition},
  pages={11976--11986},
  year={2022}
}

@article{locatello2020object,
  title={Object-centric learning with slot attention},
  author={Locatello, Francesco and Weissenborn, Dirk and Unterthiner, Thomas and Mahendran, Aravindh and Heigold, Georg and Uszkoreit, Jakob and Dosovitskiy, Alexey and Kipf, Thomas},
  journal={Advances in Neural Information Processing Systems},
  year={2020}
}

@inproceedings{dino,
  title={Emerging properties in self-supervised vision transformers},
  author={Caron, Mathilde and Touvron, Hugo and Misra, Ishan and J{\'e}gou, Herv{\'e} and Mairal, Julien and Bojanowski, Piotr and Joulin, Armand},
  booktitle={Proceedings of the IEEE/CVF international conference on computer vision},
  year={2021}
}

@inproceedings{quattoni2009recognizing,
  title={Recognizing indoor scenes},
  author={Quattoni, Ariadna and Torralba, Antonio},
  booktitle={2009 IEEE conference on computer vision and pattern recognition},
  year={2009}
}

@misc{rong2022consistent,
      title={A Consistent and Efficient Evaluation Strategy for Attribution Methods}, 
      author={Yao Rong and Tobias Leemann and Vadim Borisov and Gjergji Kasneci and Enkelejda Kasneci},
      year={2022},
      eprint={2202.00449},
      archivePrefix={arXiv},
      primaryClass={cs.CV}
}

@misc{gomez2022metrics,
      title={Metrics for saliency map evaluation of deep learning explanation methods}, 
      author={Tristan Gomez and Thomas Fréour and Harold Mouchère},
      year={2022},
      eprint={2201.13291},
      archivePrefix={arXiv},
      primaryClass={cs.CV}
}

@misc{hase2021outofdistribution,
      title={The Out-of-Distribution Problem in Explainability and Search Methods for Feature Importance Explanations}, 
      author={Peter Hase and Harry Xie and Mohit Bansal},
      year={2021},
      eprint={2106.00786},
      archivePrefix={arXiv},
      primaryClass={cs.LG}
}

@misc{qiu2021resisting,
      title={Resisting Out-of-Distribution Data Problem in Perturbation of XAI}, 
      author={Luyu Qiu and Yi Yang and Caleb Chen Cao and Jing Liu and Yueyuan Zheng and Hilary Hei Ting Ngai and Janet Hsiao and Lei Chen},
      year={2021},
      eprint={2107.14000},
      archivePrefix={arXiv},
      primaryClass={cs.AI}
}

@techreport{WahCUB_200_2011,
	Title = {Caltech-UCSD Birds-200-2011},
	Author = {Wah, C. and Branson, S. and Welinder, P. and Perona, P. and Belongie, S.},
	Year = {2011},
	Institution = {California Institute of Technology},
	Number = {CNS-TR-2011-001}
}



@Article{Everingham15,
   author = "Everingham, M. and Eslami, S. M. A. and Van~Gool, L. and Williams, C. K. I. and Winn, J. and Zisserman, A.",
   title = "The Pascal Visual Object Classes Challenge: A Retrospective",
   journal = "International Journal of Computer Vision",
   volume = "111",
   year = "2015",
   number = "1",
   month = jan,
   pages = "98--136",
} 
