@article{10.1162/neco.1989.1.4.541,
    author = {LeCun, Y. and Boser, B. and Denker, J. S. and Henderson, D. and Howard, R. E. and Hubbard, W. and Jackel, L. D.},
    title = "{Backpropagation Applied to Handwritten Zip Code Recognition}",
    journal = {Neural Computation},
    volume = {1},
    number = {4},
    pages = {541-551},
    year = {1989},
    month = {12},
    issn = {0899-7667},
    doi = {10.1162/neco.1989.1.4.541},
    url = {https://doi.org/10.1162/neco.1989.1.4.541},
    eprint = {https://direct.mit.edu/neco/article-pdf/1/4/541/811941/neco.1989.1.4.541.pdf}
}

@article{10.1145/3065386,
    author = {Krizhevsky, Alex and Sutskever, Ilya and Hinton, Geoffrey E.},
    title = {ImageNet Classification with Deep Convolutional Neural Networks},
    year = {2017},
    issue_date = {June 2017},
    publisher = {Association for Computing Machinery},
    address = {New York, NY, USA},
    volume = {60},
    number = {6},
    issn = {0001-0782},
    url = {https://doi.org/10.1145/3065386},
    doi = {10.1145/3065386},
    journal = {Commun. ACM},
    month = {may},
    pages = {84–90},
    numpages = {7}
}

@misc{caron2021emerging,
      title={Emerging Properties in Self-Supervised Vision Transformers}, 
      author={Mathilde Caron and Hugo Touvron and Ishan Misra and Hervé Jégou and Julien Mairal and Piotr Bojanowski and Armand Joulin},
      year={2021},
      eprint={2104.14294},
      archivePrefix={arXiv},
      primaryClass={cs.CV}
}

@misc{chefer2021transformer,
      title={Transformer Interpretability Beyond Attention Visualization}, 
      author={Hila Chefer and Shir Gur and Lior Wolf},
      year={2021},
      eprint={2012.09838},
      archivePrefix={arXiv},
      primaryClass={cs.CV}
}

@misc{szegedy2014going,
      title={Going Deeper with Convolutions}, 
      author={Christian Szegedy and Wei Liu and Yangqing Jia and Pierre Sermanet and Scott Reed and Dragomir Anguelov and Dumitru Erhan and Vincent Vanhoucke and Andrew Rabinovich},
      year={2014},
      eprint={1409.4842},
      archivePrefix={arXiv},
      primaryClass={cs.CV}
}

@misc{simonyan2015deep,
      title={Very Deep Convolutional Networks for Large-Scale Image Recognition}, 
      author={Karen Simonyan and Andrew Zisserman},
      year={2015},
      eprint={1409.1556},
      archivePrefix={arXiv},
      primaryClass={cs.CV}
}

@misc{he2015deep,
      title={Deep Residual Learning for Image Recognition}, 
      author={Kaiming He and Xiangyu Zhang and Shaoqing Ren and Jian Sun},
      year={2015},
      eprint={1512.03385},
      archivePrefix={arXiv},
      primaryClass={cs.CV}
}

@misc{liu2022convnet,
      title={A ConvNet for the 2020s}, 
      author={Zhuang Liu and Hanzi Mao and Chao-Yuan Wu and Christoph Feichtenhofer and Trevor Darrell and Saining Xie},
      year={2022},
      eprint={2201.03545},
      archivePrefix={arXiv},
      primaryClass={cs.CV}
}

@misc{selvaraju2017gradcam,
      title={Grad-CAM: Why did you say that?}, 
      author={Ramprasaath R Selvaraju and Abhishek Das and Ramakrishna Vedantam and Michael Cogswell and Devi Parikh and Dhruv Batra},
      year={2017},
      eprint={1611.07450},
      archivePrefix={arXiv},
      primaryClass={stat.ML}
}

@InProceedings{Wang_2020_CVPR_Workshops,
    author = {Wang, Haofan and Wang, Zifan and Du, Mengnan and Yang, Fan and Zhang, Zijian and Ding, Sirui and Mardziel, Piotr and Hu, Xia},
    title = {Score-CAM: Score-Weighted Visual Explanations for Convolutional Neural Networks},
    booktitle = {Proceedings of the IEEE/CVF Conference on Computer Vision and Pattern Recognition (CVPR) Workshops},
    month = {June},
    year = {2020}
}

@article{BARREDOARRIETA202082,
    title = {Explainable Artificial Intelligence (XAI): Concepts, taxonomies, opportunities and challenges toward responsible AI},
    journal = {Information Fusion},
    volume = {58},
    pages = {82-115},
    year = {2020},
    issn = {1566-2535},
    doi = {https://doi.org/10.1016/j.inffus.2019.12.012},
    url = {https://www.sciencedirect.com/science/article/pii/S1566253519308103},
    author = {Alejandro {Barredo Arrieta} and Natalia Díaz-Rodríguez and Javier {Del Ser} and Adrien Bennetot and Siham Tabik and Alberto Barbado and Salvador Garcia and Sergio Gil-Lopez and Daniel Molina and Richard Benjamins and Raja Chatila and Francisco Herrera},
    keywords = {Explainable Artificial Intelligence, Machine Learning, Deep Learning, Data Fusion, Interpretability, Comprehensibility, Transparency, Privacy, Fairness, Accountability, Responsible Artificial Intelligence},
}



@misc{lundberg2017unified,
      title={A Unified Approach to Interpreting Model Predictions}, 
      author={Scott Lundberg and Su-In Lee},
      year={2017},
      eprint={1705.07874},
      archivePrefix={arXiv},
      primaryClass={cs.AI}
}

@misc{shrikumar2017just,
      title={Not Just a Black Box: Learning Important Features Through Propagating Activation Differences}, 
      author={Avanti Shrikumar and Peyton Greenside and Anna Shcherbina and Anshul Kundaje},
      year={2017},
      eprint={1605.01713},
      archivePrefix={arXiv},
      primaryClass={cs.LG}
}

@misc{shrikumar2019learning,
      title={Learning Important Features Through Propagating Activation Differences}, 
      author={Avanti Shrikumar and Peyton Greenside and Anshul Kundaje},
      year={2019},
      eprint={1704.02685},
      archivePrefix={arXiv},
      primaryClass={cs.CV}
}

@misc{sundararajan2017axiomatic,
      title={Axiomatic Attribution for Deep Networks}, 
      author={Mukund Sundararajan and Ankur Taly and Qiqi Yan},
      year={2017},
      eprint={1703.01365},
      archivePrefix={arXiv},
      primaryClass={cs.LG}
}

@misc{petsiuk2018rise,
      title={RISE: Randomized Input Sampling for Explanation of Black-box Models}, 
      author={Vitali Petsiuk and Abir Das and Kate Saenko},
      year={2018},
      eprint={1806.07421},
      archivePrefix={arXiv},
      primaryClass={cs.CV}
}

@misc{fu2020axiombased,
      title={Axiom-based Grad-CAM: Towards Accurate Visualization and Explanation of CNNs}, 
      author={Ruigang Fu and Qingyong Hu and Xiaohu Dong and Yulan Guo and Yinghui Gao and Biao Li},
      year={2020},
      eprint={2008.02312},
      archivePrefix={arXiv},
      primaryClass={cs.CV}
}


@misc{jung2021better,
      title={Towards Better Explanations of Class Activation Mapping}, 
      author={Hyungsik Jung and Youngrock Oh},
      year={2021},
      eprint={2102.05228},
      archivePrefix={arXiv},
      primaryClass={cs.CV}
}

@INPROCEEDINGS{9093360,
  author={Desai, Saurabh and Ramaswamy, Harish G.},
  booktitle={2020 IEEE Winter Conference on Applications of Computer Vision (WACV)}, 
  title={Ablation-CAM: Visual Explanations for Deep Convolutional Network via Gradient-free Localization}, 
  year={2020},
  volume={},
  number={},
  pages={972-980},
  doi={10.1109/WACV45572.2020.9093360}}

@INPROCEEDINGS{Fong2017,
    author = {Ruth C. Fong and Andrea Vedaldi},
    title = {Interpretable Explanations of Black Boxes by Meaningful Perturbation},
    booktitle = {2017 {IEEE} International Conference on Computer Vision ({ICCV})},
    doi = {10.1109/iccv.2017.371},
}

@misc{fong2019understanding,
      title={Understanding Deep Networks via Extremal Perturbations and Smooth Masks}, 
      author={Ruth Fong and Mandela Patrick and Andrea Vedaldi},
      year={2019},
      eprint={1910.08485},
      archivePrefix={arXiv},
      primaryClass={cs.CV}
}

@article{MONTAVON2017211,
title = {Explaining nonlinear classification decisions with deep Taylor decomposition},
journal = {Pattern Recognition},
volume = {65},
pages = {211-222},
year = {2017},
issn = {0031-3203},
doi = {https://doi.org/10.1016/j.patcog.2016.11.008},
author = {Grégoire Montavon and Sebastian Lapuschkin and Alexander Binder and Wojciech Samek and Klaus-Robert Müller},
}

@inproceedings{lrp,
    author = {Binder, Alexander and Montavon, Grégoire and Lapuschkin, Sebastian and Müller, Klaus-Robert and Samek, Wojciech},
    year = {2016},
    month = {04},
    pages = {},
    title = {Layer-Wise Relevance Propagation for Neural Networks with Local Renormalization Layers},
    isbn = {978-3-319-44780-3},
    doi = {10.1007/978-3-319-44781-0_8}
}

@article{Montavon_2018,
	doi = {10.1016/j.dsp.2017.10.011},
	url = {https://doi.org/10.1016%2Fj.dsp.2017.10.011},
	year = 2018,
	month = {feb},
	publisher = {Elsevier {BV}},
	volume = {73},
	pages = {1--15},
	author = {Gr{\'{e}}goire Montavon and Wojciech Samek and Klaus-Robert Müller},
	title = {Methods for interpreting and understanding deep neural networks},
	journal = {Digital Signal Processing}
}

@misc{szegedy2014intriguing,
      title={Intriguing properties of neural networks}, 
      author={Christian Szegedy and Wojciech Zaremba and Ilya Sutskever and Joan Bruna and Dumitru Erhan and Ian Goodfellow and Rob Fergus},
      year={2014},
      eprint={1312.6199},
      archivePrefix={arXiv},
      primaryClass={cs.CV}
}

@article{sturmfels2020visualizing,
  author = {Sturmfels, Pascal and Lundberg, Scott and Lee, Su-In},
  title = {Visualizing the Impact of Feature Attribution Baselines},
  journal = {Distill},
  year = {2020},
  note = {https://distill.pub/2020/attribution-baselines},
  doi = {10.23915/distill.00022}
}

@misc{khakzar2022explanations,
      title={Do Explanations Explain? Model Knows Best}, 
      author={Ashkan Khakzar and Pedram Khorsandi and Rozhin Nobahari and Nassir Navab},
      year={2022},
      eprint={2203.02269},
      archivePrefix={arXiv},
      primaryClass={cs.LG}
}

@misc{poppi2021revisiting,
      title={Revisiting The Evaluation of Class Activation Mapping for Explainability: A Novel Metric and Experimental Analysis}, 
      author={Samuele Poppi and Marcella Cornia and Lorenzo Baraldi and Rita Cucchiara},
      year={2021},
      eprint={2104.10252},
      archivePrefix={arXiv},
      primaryClass={cs.CV}
}

@inproceedings{9879206,
  author={He, Kaiming and Chen, Xinlei and Xie, Saining and Li, Yanghao and Dollár, Piotr and Girshick, Ross},
  booktitle={2022 IEEE/CVF Conference on Computer Vision and Pattern Recognition (CVPR)}, 
  title={Masked Autoencoders Are Scalable Vision Learners}, 
  year={2022},
  volume={},
  number={},
  pages={15979-15988},
  doi={10.1109/CVPR52688.2022.01553}}

@misc{qiu2021resisting,
      title={Resisting Out-of-Distribution Data Problem in Perturbation of XAI}, 
      author={Luyu Qiu and Yi Yang and Caleb Chen Cao and Jing Liu and Yueyuan Zheng and Hilary Hei Ting Ngai and Janet Hsiao and Lei Chen},
      year={2021},
      eprint={2107.14000},
      archivePrefix={arXiv},
      primaryClass={cs.AI}
}


@InProceedings{janzing20a,
  title = 	 {Feature relevance quantification in explainable AI: A causal problem},
  author =       {Janzing, Dominik and Minorics, Lenon and Bloebaum, Patrick},
  booktitle = 	 {Proceedings of the Twenty Third International Conference on Artificial Intelligence and Statistics},
  pages = 	 {2907--2916},
  year = 	 {2020},
  editor = 	 {Chiappa, Silvia and Calandra, Roberto},
  volume = 	 {108},
  series = 	 {Proceedings of Machine Learning Research},
  month = 	 {26--28 Aug},
  publisher =    {PMLR},
  pdf = 	 {http://proceedings.mlr.press/v108/janzing20a/janzing20a.pdf},
  url = 	 {https://proceedings.mlr.press/v108/janzing20a.html},
}


@misc{xu2022masked,
      title={Masked Autoencoders are Robust Data Augmentors}, 
      author={Haohang Xu and Shuangrui Ding and Xiaopeng Zhang and Hongkai Xiong and Qi Tian},
      year={2022},
      eprint={2206.04846},
      archivePrefix={arXiv},
      primaryClass={cs.CV}
}

@misc{tsai2023testtime,
      title={Test-time Detection and Repair of Adversarial Samples via Masked Autoencoder}, 
      author={Yun-Yun Tsai and Ju-Chin Chao and Albert Wen and Zhaoyuan Yang and Chengzhi Mao and Tapan Shah and Junfeng Yang},
      year={2023},
      eprint={2303.12848},
      archivePrefix={arXiv},
      primaryClass={cs.CV}
}

@misc{hsieh2021evaluations,
      title={Evaluations and Methods for Explanation through Robustness Analysis}, 
      author={Cheng-Yu Hsieh and Chih-Kuan Yeh and Xuanqing Liu and Pradeep Ravikumar and Seungyeon Kim and Sanjiv Kumar and Cho-Jui Hsieh},
      year={2021},
      eprint={2006.00442},
      archivePrefix={arXiv},
      primaryClass={cs.LG}
}

@misc{haug2021baselines,
      title={On Baselines for Local Feature Attributions}, 
      author={Johannes Haug and Stefan Zürn and Peter El-Jiz and Gjergji Kasneci},
      year={2021},
      eprint={2101.00905},
      archivePrefix={arXiv},
      primaryClass={cs.LG}
}

@misc{gomez2022metrics,
      title={Metrics for saliency map evaluation of deep learning explanation methods}, 
      author={Tristan Gomez and Thomas Fréour and Harold Mouchère},
      year={2022},
      eprint={2201.13291},
      archivePrefix={arXiv},
      primaryClass={cs.CV}
}

@misc{hase2021outofdistribution,
      title={The Out-of-Distribution Problem in Explainability and Search Methods for Feature Importance Explanations}, 
      author={Peter Hase and Harry Xie and Mohit Bansal},
      year={2021},
      eprint={2106.00786},
      archivePrefix={arXiv},
      primaryClass={cs.LG}
}

@misc{ribeiro2016why,
      title={"Why Should I Trust You?": Explaining the Predictions of Any Classifier}, 
      author={Marco Tulio Ribeiro and Sameer Singh and Carlos Guestrin},
      year={2016},
      eprint={1602.04938},
      archivePrefix={arXiv},
      primaryClass={cs.LG}
}

@misc{ignatiev2018abductionbased,
      title={Abduction-Based Explanations for Machine Learning Models}, 
      author={Alexey Ignatiev and Nina Narodytska and Joao Marques-Silva},
      year={2018},
      eprint={1811.10656},
      archivePrefix={arXiv},
      primaryClass={cs.AI}
}

@misc{fel2021look,
      title={Look at the Variance! Efficient Black-box Explanations with Sobol-based Sensitivity Analysis}, 
      author={Thomas Fel and Remi Cadene and Mathieu Chalvidal and Matthieu Cord and David Vigouroux and Thomas Serre},
      year={2021},
      eprint={2111.04138},
      archivePrefix={arXiv},
      primaryClass={cs.CV}
}

@misc{novello2022making,
      title={Making Sense of Dependence: Efficient Black-box Explanations Using Dependence Measure}, 
      author={Paul Novello and Thomas Fel and David Vigouroux},
      year={2022},
      eprint={2206.06219},
      archivePrefix={arXiv},
      primaryClass={cs.CV}
}

@misc{dabkowski2017real,
      title={Real Time Image Saliency for Black Box Classifiers}, 
      author={Piotr Dabkowski and Yarin Gal},
      year={2017},
      eprint={1705.07857},
      archivePrefix={arXiv},
      primaryClass={stat.ML}
}

@inproceedings{Izzo_2021,
        doi = {10.14428/esann/2021.es2021-18},
        year = {2021},
        author = {Cosimo Izzo and Aldo Lipani and Ramin Okhrati        and Francesca Medda},
        title = {A Baseline for Shapley Values in {MLPs}: from         Missingness to Neutrality},
        booktitle = {ESANN 2021 proceedings},
        url = {https://doi.org/10.14428%2Fesann%2F2021.es2021-18}
}

@misc{chen2018learning,
      title={Learning to Explain: An Information-Theoretic Perspective on Model Interpretation}, 
      author={Jianbo Chen and Le Song and Martin J. Wainwright and Michael I. Jordan},
      year={2018},
      eprint={1802.07814},
      archivePrefix={arXiv},
      primaryClass={cs.LG}
}

@inproceedings{
    yoon2018invase,
    title={{INVASE}: Instance-wise Variable Selection using Neural Networks},
    author={Jinsung Yoon and James Jordon and Mihaela van der Schaar},
    booktitle={International Conference on Learning Representations},
    year={2019},
    url={https://openreview.net/forum?id=BJg_roAcK7}
}

@misc{chang2019explaining,
      title={Explaining Image Classifiers by Counterfactual Generation}, 
      author={Chun-Hao Chang and Elliot Creager and Anna Goldenberg and David Duvenaud},
      year={2019},
      eprint={1807.08024},
      archivePrefix={arXiv},
      primaryClass={cs.CV}
}

@misc{janzing2019feature,
      title={Feature relevance quantification in explainable AI: A causal problem}, 
      author={Dominik Janzing and Lenon Minorics and Patrick Blöbaum},
      year={2019},
      eprint={1910.13413},
      archivePrefix={arXiv},
      primaryClass={stat.ML}
}

@misc{kindermans2017unreliability,
      title={The (Un)reliability of saliency methods}, 
      author={Pieter-Jan Kindermans and Sara Hooker and Julius Adebayo and Maximilian Alber and Kristof T. Schütt and Sven Dähne and Dumitru Erhan and Been Kim},
      year={2017},
      eprint={1711.00867},
      archivePrefix={arXiv},
      primaryClass={stat.ML}
}

@inproceedings{Chattopadhay_2018,
	doi = {10.1109/wacv.2018.00097},
	year = 2018,
	month = {mar},
	publisher = {IEEE},
	author = {Aditya Chattopadhay and Anirban Sarkar and Prantik Howlader and Vineeth N Balasubramanian},
	title = {Grad-{CAM}++: Generalized Gradient-Based Visual Explanations for Deep Convolutional Networks},
	booktitle = {2018 {IEEE} Winter Conference on Applications of Computer Vision ({WACV})}
}

@misc{rong2022consistent,
      title={A Consistent and Efficient Evaluation Strategy for Attribution Methods}, 
      author={Yao Rong and Tobias Leemann and Vadim Borisov and Gjergji Kasneci and Enkelejda Kasneci},
      year={2022},
      eprint={2202.00449},
      archivePrefix={arXiv},
      primaryClass={cs.CV}
}

@INPROCEEDINGS{9879032,
  author={Rao, Sukrut and Böhle, Moritz and Schiele, Bernt},
  booktitle={2022 IEEE/CVF Conference on Computer Vision and Pattern Recognition (CVPR)}, 
  title={Towards Better Understanding Attribution Methods}, 
  year={2022},
  volume={},
  number={},
  pages={10213-10222},
  doi={10.1109/CVPR52688.2022.00998}}

@inproceedings{fakecam,
    author = {Poppi, Samuele and Cornia, Marcella and Baraldi, Lorenzo and Cucchiara, Rita},
    year = {2021},
    month = {06},
    pages = {2299-2304},
    title = {Revisiting The Evaluation of Class Activation Mapping for Explainability: A Novel Metric and Experimental Analysis},
    doi = {10.1109/CVPRW53098.2021.00260}
}

@misc{hooker2019benchmark,
      title={A Benchmark for Interpretability Methods in Deep Neural Networks}, 
      author={Sara Hooker and Dumitru Erhan and Pieter-Jan Kindermans and Been Kim},
      year={2019},
      eprint={1806.10758},
      archivePrefix={arXiv},
      primaryClass={cs.LG}
}

@misc{schulz2020restricting,
      title={Restricting the Flow: Information Bottlenecks for Attribution}, 
      author={Karl Schulz and Leon Sixt and Federico Tombari and Tim Landgraf},
      year={2020},
      eprint={2001.00396},
      archivePrefix={arXiv},
      primaryClass={stat.ML}
}

@misc{zhang2023opticam,
      title={Opti-CAM: Optimizing saliency maps for interpretability}, 
      author={Hanwei Zhang and Felipe Torres and Ronan Sicre and Yannis Avrithis and Stephane Ayache},
      year={2023},
      eprint={2301.07002},
      archivePrefix={arXiv},
      primaryClass={cs.CV}
}

@article{Zhang_2020,
	doi = {10.1186/s13635-020-00112-z},
	year = 2020,
	month = {nov},
	publisher = {Springer Science and Business Media {LLC}},	volume = {2020},
	number = {1},
	author = {Hanwei Zhang and Yannis Avrithis and Teddy Furon and Laurent Amsaleg},
	title = {Smooth adversarial examples},
	journal = {{EURASIP} Journal on Information Security}
}

@inproceedings{NEURIPS2021_4e246a38,
 author = {Slack, Dylan and Hilgard, Anna and Singh, Sameer and Lakkaraju, Himabindu},
 booktitle = {Advances in Neural Information Processing Systems},
 editor = {M. Ranzato and A. Beygelzimer and Y. Dauphin and P.S. Liang and J. Wortman Vaughan},
 pages = {9391--9404},
 publisher = {Curran Associates, Inc.},
 title = {Reliable Post hoc Explanations: Modeling Uncertainty in Explainability},
 url = {https://proceedings.neurips.cc/paper_files/paper/2021/file/4e246a381baf2ce038b3b0f82c7d6fb4-Paper.pdf},
 volume = {34},
 year = {2021}
}

@misc{jethani2021learned,
      title={Have We Learned to Explain?: How Interpretability Methods Can Learn to Encode Predictions in their Interpretations}, 
      author={Neil Jethani and Mukund Sudarshan and Yindalon Aphinyanaphongs and Rajesh Ranganath},
      year={2021},
      eprint={2103.01890},
      archivePrefix={arXiv},
      primaryClass={stat.ML}
}