@inproceedings{cam,
  title={Learning deep features for discriminative localization},
  author={Zhou, Bolei and Khosla, Aditya and Lapedriza, Agata and Oliva, Aude and Torralba, Antonio},
  booktitle={CVPR},
  year={2016}
}

@inproceedings{gradcam,
  title={Grad-cam: Visual explanations from deep networks via gradient-based localization},
  author={Selvaraju, Ramprasaath R and Cogswell, Michael and Das, Abhishek and Vedantam, Ramakrishna and Parikh, Devi and Batra, Dhruv},
  booktitle={ICCV},
  year={2017}
}

@inproceedings{gradcampp,
  title={Grad-cam++: Generalized gradient-based visual explanations for deep convolutional networks},
  author={Chattopadhay, Aditya and Sarkar, Anirban and Howlader, Prantik and Balasubramanian, Vineeth N},
  booktitle={WACV},
  year={2018}
}

@inproceedings{scorecam,
  title={Score-CAM: Score-weighted visual explanations for convolutional neural networks},
  author={Wang, Haofan and Wang, Zifan and Du, Mengnan and Yang, Fan and Zhang, Zijian and Ding, Sirui and Mardziel, Piotr and Hu, Xia},
  booktitle={CVPR work.},
  year={2020}
}

@article{smoothgrad,
  title={Smoothgrad: removing noise by adding noise},
  author={Smilkov, Daniel and Thorat, Nikhil and Kim, Been and Vi{\'e}gas, Fernanda and Wattenberg, Martin},
  journal={arXiv preprint arXiv:1706.03825},
  year={2017}
}

@article{smoothgradcampp,
  title={Smooth grad-cam++: An enhanced inference level visualization technique for deep convolutional neural network models},
  author={Omeiza, Daniel and Speakman, Skyler and Cintas, Celia and Weldermariam, Komminist},
  journal={arXiv preprint arXiv:1908.01224},
  year={2019}
}

@inproceedings{disentangling_latent,
  title={A disentangling invertible interpretation network for explaining latent representations},
  author={Esser, Patrick and Rombach, Robin and Ommer, Bjorn},
  booktitle={Proceedings of the IEEE/CVF Conference on Computer Vision and Pattern Recognition},
  pages={9223--9232},
  year={2020}
}

@inproceedings{dissection,
  title={Network dissection: Quantifying interpretability of deep visual representations},
  author={Bau, David and Zhou, Bolei and Khosla, Aditya and Oliva, Aude and Torralba, Antonio},
  booktitle={Proceedings of the IEEE conference on computer vision and pattern recognition},
  pages={6541--6549},
  year={2017}
}

@article{guidedbackprop,
  title={Striving for simplicity: The all convolutional net},
  author={Springenberg, Jost Tobias and Dosovitskiy, Alexey and Brox, Thomas and Riedmiller, Martin},
  journal={arXiv preprint arXiv:1412.6806},
  year={2014}
}

@article{rise_ins_del,
  title={Rise: Randomized input sampling for explanation of black-box models},
  author={Petsiuk, Vitali and Das, Abir and Saenko, Kate},
  journal={arXiv preprint arXiv:1806.07421},
  year={2018}
}

@article{mythos_interp,
  title={The Mythos of Model Interpretability: In machine learning, the concept of interpretability is both important and slippery.},
  author={Lipton, Zachary C},
  journal={Queue},
  volume={16},
  number={3},
  pages={31--57},
  year={2018},
  publisher={ACM New York, NY, USA}
}

@inproceedings{deconvnet,
  title={Visualizing and understanding convolutional networks},
  author={Zeiler, Matthew D and Fergus, Rob},
  booktitle={European conference on computer vision},
  pages={818--833},
  year={2014},
  organization={Springer}
}

@inproceedings{perturb_inter,
  title={" Why should i trust you?" Explaining the predictions of any classifier},
  author={Ribeiro, Marco Tulio and Singh, Sameer and Guestrin, Carlos},
  booktitle={SIGKDD},
  year={2016}
}

@article{vgg_net,
  title={Very deep convolutional networks for large-scale image recognition},
  author={Simonyan, Karen and Zisserman, Andrew},
  journal={arXiv preprint arXiv:1409.1556},
  year={2014}
}

@inproceedings{resnet_residual,
  title={Deep residual learning for image recognition},
  author={He, Kaiming and Zhang, Xiangyu and Ren, Shaoqing and Sun, Jian},
  booktitle={Proceedings of the IEEE conference on computer vision and pattern recognition},
  pages={770--778},
  year={2016}
}

@article{lookslikethat,
  title={This looks like that: deep learning for interpretable image recognition},
  author={Chen, Chaofan and Li, Oscar and Tao, Chaofan and Barnett, Alina Jade and Su, Jonathan and Rudin, Cynthia},
  journal={arXiv preprint arXiv:1806.10574},
  year={2018}
}

@inproceedings{networkdecoupling,
  title={Interpretable Neural Network Decoupling},
  author={Li, Yuchao and Ji, Rongrong and Lin, Shaohui and Zhang, Baochang and Yan, Chenqian and Wu, Yongjian and Huang, Feiyue and Shao, Ling},
  booktitle={Computer Vision--ECCV 2020: 16th European Conference, Glasgow, UK, August 23--28, 2020, Proceedings, Part XV 16},
  pages={653--669},
  year={2020},
  organization={Springer}
}

@article{layercam,
  title={LayerCAM: Exploring hierarchical class activation maps for localization},
  author={Jiang, Peng-Tao and Zhang, Chang-Bin and Hou, Qibin and Cheng, Ming-Ming and Wei, Yunchao},
  journal={TIP},
  year={2021}
}

@article{smoothgcpp,
  title={Smooth grad-cam++: An enhanced inference level visualization technique for deep convolutional neural network models},
  author={Omeiza, Daniel and Speakman, Skyler and Cintas, Celia and Weldermariam, Komminist},
  journal={arXiv preprint arXiv:1908.01224},
  year={2019}
}

@inproceedings{senseofcnns,
  title={Making sense of cnns: Interpreting deep representations and their invariances with inns},
  author={Rombach, Robin and Esser, Patrick and Ommer, Bj{\"o}rn},
  booktitle={Computer Vision--ECCV 2020: 16th European Conference, Glasgow, UK, August 23--28, 2020, Proceedings, Part XVII 16},
  pages={647--664},
  year={2020},
  organization={Springer}
}

@article{axiombased,
  title={Axiom-based grad-cam: Towards accurate visualization and explanation of cnns},
  author={Fu, Ruigang and Hu, Qingyong and Dong, Xiaohu and Guo, Yulan and Gao, Yinghui and Li, Biao},
  journal={arXiv preprint arXiv:2008.02312},
  year={2020}
}

@article{visualizing&saliency,
  title={Deep inside convolutional networks: Visualising image classification models and saliency maps},
  author={Simonyan, Karen and Vedaldi, Andrea and Zisserman, Andrew},
  journal={arXiv preprint arXiv:1312.6034},
  year={2013}
}

@article{iscam,
  title={IS-CAM: Integrated Score-CAM for axiomatic-based explanations},
  author={Rakshit Naidu and Ankita Ghosh and Yash Maurya and K ShamanthRNayak and Soumya Snigdha Kundu},
  journal={ArXiv},
  year={2020},
  volume={abs/2010.03023}
}

@inproceedings{recognition_grouping,
  title={Interpretable and accurate fine-grained recognition via region grouping},
  author={Huang, Zixuan and Li, Yin},
  booktitle={Proceedings of the IEEE/CVF Conference on Computer Vision and Pattern Recognition},
  pages={8662--8672},
  year={2020}
}

@article{detectors_emergence,
  title={Object detectors emerge in deep scene cnns},
  author={Zhou, Bolei and Khosla, Aditya and Lapedriza, Agata and Oliva, Aude and Torralba, Antonio},
  journal={arXiv preprint arXiv:1412.6856},
  year={2014}
}

@article{zhang2018top,
  title={Top-down neural attention by excitation backprop},
  author={Zhang, Jianming and Bargal, Sarah Adel and Lin, Zhe and Brandt, Jonathan and Shen, Xiaohui and Sclaroff, Stan},
  journal={International Journal of Computer Vision},
  volume={126},
  number={10},
  pages={1084--1102},
  year={2018},
  publisher={Springer}
}

@inproceedings{LIME,
  title={" Why should i trust you?" Explaining the predictions of any classifier},
  author={Ribeiro, Marco Tulio and Singh, Sameer and Guestrin, Carlos},
  booktitle={SIGKDD},
  year={2016}
}

@article{failure_first,
  title={Analyzing the behavior of visual question answering models},
  author={Agrawal, Aishwarya and Batra, Dhruv and Parikh, Devi},
  journal={arXiv preprint arXiv:1606.07356},
  year={2016}
}

@inproceedings{failure_second,
  title={Diagnosing error in object detectors},
  author={Hoiem, Derek and Chodpathumwan, Yodsawalai and Dai, Qieyun},
  booktitle={European conference on computer vision},
  pages={340--353},
  year={2012},
  organization={Springer}
}

@article{ILSVRC15,
Author = {Olga Russakovsky and Jia Deng and Hao Su and Jonathan Krause and Sanjeev Satheesh and Sean Ma and Zhiheng Huang and Andrej Karpathy and Aditya Khosla and Michael Bernstein and Alexander C. Berg and Li Fei-Fei},
Title = {{ImageNet Large Scale Visual Recognition Challenge}},
Year = {2015},
journal   = {International Journal of Computer Vision (IJCV)},
doi = {10.1007/s11263-015-0816-y},
volume={115},
number={3},
pages={211-252}
}

@inproceedings{srinivas2018knowledge,
  title={Knowledge transfer with jacobian matching},
  author={Srinivas, Suraj and Fleuret, Fran{\c{c}}ois},
  booktitle={International Conference on Machine Learning},
  pages={4723--4731},
  year={2018},
  organization={PMLR}
}
@article{simon2018adversarial,
  title={Adversarial vulnerability of neural networks increases with input dimension},
  author={Simon-Gabriel, Carl-Johann and Ollivier, Yann and Bottou, L{\'e}on and Sch{\"o}lkopf, Bernhard and Lopez-Paz, David},
  year={2018}
}
@inproceedings{drucker1991double,
  title={Double backpropagation increasing generalization performance},
  author={Drucker, Harris and Le Cun, Yann},
  booktitle={IJCNN},
  year={1991}
}
@article{seck20191,
  title={L 1-norm double backpropagation adversarial defense},
  author={Seck, Isma{\"\i}la and Loosli, Ga{\"e}lle and Canu, Stephane},
  journal={arXiv preprint arXiv:1903.01715},
  year={2019}
}
@inproceedings{ross2018improving,
  title={Improving the adversarial robustness and interpretability of deep neural networks by regularizing their input gradients},
  author={Ross, Andrew Slavin and Doshi-Velez, Finale},
  booktitle={AAAI},
  year={2018}
}
@article{philipp2018nonlinearity,
  title={The nonlinearity coefficient-predicting generalization in deep neural networks},
  author={Philipp, George and Carbonell, Jaime G},
  journal={arXiv preprint arXiv:1806.00179},
  year={2018}
}
@inproceedings{lyu2015unified,
  title={A unified gradient regularization family for adversarial examples},
  author={Lyu, Chunchuan and Huang, Kaizhu and Liang, Hai-Ning},
  booktitle={international conference on data mining},
  year={2015},
}
@article{luo2019simple,
  title={A simple yet effective baseline for robust deep learning with noisy labels},
  author={Luo, Yucen and Zhu, Jun and Pfister, Tomas},
  journal={arXiv preprint arXiv:1909.09338},
  year={2019}
}
@article{finlay2018improved,
  title={Improved robustness to adversarial examples using Lipschitz regularization of the loss},
  author={Finlay, Chris and Oberman, Adam M and Abbasi, Bilal},
  year={2018}
}

@article{understanding_visz,
  title={Understanding neural networks through deep visualization},
  author={Yosinski, Jason and Clune, Jeff and Nguyen, Anh and Fuchs, Thomas and Lipson, Hod},
  journal={arXiv preprint arXiv:1506.06579},
  year={2015}
}

@article{ContextualExplanationNets,
  title={Contextual Explanation Networks.},
  author={Al-Shedivat, Maruan and Dubey, Avinava and Xing, Eric P},
  journal={J. Mach. Learn. Res.},
  volume={21},
  pages={194--1},
  year={2020}
}

@article{allconv,
  title={Striving for simplicity: The all convolutional net},
  author={Springenberg, Jost Tobias and Dosovitskiy, Alexey and Brox, Thomas and Riedmiller, Martin},
  journal={arXiv preprint arXiv:1412.6806},
  year={2014}
}

@article{ax_conservation,
  title={Methods for interpreting and understanding deep neural networks},
  author={Montavon, Gr{\'e}goire and Samek, Wojciech and M{\"u}ller, Klaus-Robert},
  journal={Digital Signal Processing},
  volume={73},
  pages={1--15},
  year={2018},
  publisher={Elsevier}
}

@inproceedings{ax_sensitivity,
  title={Axiomatic attribution for deep networks},
  author={Sundararajan, Mukund and Taly, Ankur and Yan, Qiqi},
  booktitle={ICML},
  year={2017}
}

@article{sscam,
  title={SS-CAM: Smoothed Score-CAM for sharper visual feature localization},
  author={Wang, Haofan and Naidu, Rakshit and Michael, Joy and Kundu, Soumya Snigdha},
  journal={arXiv preprint arXiv:2006.14255},
  year={2020}
}

%%%$ Opti-CAM
@article{zhang2023opti,
  title={Opti-CAM: Optimizing saliency maps for interpretability},
  author={Zhang, Hanwei and Torres, Felipe and Sicre, Ronan and Avrithis, Yannis and Ayache, Stephane},
  journal={arXiv preprint arXiv:2301.07002},
  year={2023}
}
@inproceedings{selvaraju2017grad,
  title={Grad-cam: Visual explanations from deep networks via gradient-based localization},
  author={Selvaraju, Ramprasaath R and Cogswell, Michael and Das, Abhishek and Vedantam, Ramakrishna and Parikh, Devi and Batra, Dhruv},
  booktitle={Proceedings of the IEEE international conference on computer vision},
  pages={618--626},
  year={2017}
}

@inproceedings{chattopadhay2018grad,
  title={Grad-cam++: Generalized gradient-based visual explanations for deep convolutional networks},
  author={Chattopadhay, Aditya and Sarkar, Anirban and Howlader, Prantik and Balasubramanian, Vineeth N},
  booktitle={WACV},
  year={2018}
}

@inproceedings{wang2020score,
  title={Score-CAM: Score-weighted visual explanations for convolutional neural networks},
  author={Wang, Haofan and Wang, Zifan and Du, Mengnan and Yang, Fan and Zhang, Zijian and Ding, Sirui and Mardziel, Piotr and Hu, Xia},
  booktitle={CVPR work.},
  year={2020}
}

@article{petsiuk2018rise,
  title={Rise: Randomized input sampling for explanation of black-box models},
  author={Petsiuk, Vitali and Das, Abir and Saenko, Kate},
  journal={arXiv preprint arXiv:1806.07421},
  year={2018}
}

@article{guidotti2018survey,
  title={A survey of methods for explaining black box models},
  author={Guidotti, Riccardo and Monreale, Anna and Ruggieri, Salvatore and Turini, Franco and Giannotti, Fosca and Pedreschi, Dino},
  journal={ACM computing surveys (CSUR)},
  volume={51},
  number={5},
  pages={1--42},
  year={2018},
  publisher={ACM New York, NY, USA}
}

@article{samek2021explaining,
  title={Explaining deep neural networks and beyond: A review of methods and applications},
  author={Samek, Wojciech and Montavon, Gr{\'e}goire and Lapuschkin, Sebastian and Anders, Christopher J and M{\"u}ller, Klaus-Robert},
  journal={Proceedings of the IEEE},
  volume={109},
  number={3},
  pages={247--278},
  year={2021},
  publisher={IEEE}
}

@article{montavon2018methods,
  title={Methods for interpreting and understanding deep neural networks},
  author={Montavon, Gr{\'e}goire and Samek, Wojciech and M{\"u}ller, Klaus-Robert},
  journal={Digital Signal Processing},
  volume={73},
  pages={1--15},
  year={2018},
  publisher={Elsevier}
}


@article{bastings2020elephant,
  title={The elephant in the interpretability room: Why use attention as explanation when we have saliency methods?},
  author={Bastings, Jasmijn and Filippova, Katja},
  journal={arXiv preprint arXiv:2010.05607},
  year={2020}
}

@article{bodria2021benchmarking,
  title={Benchmarking and survey of explanation methods for black box models},
  author={Bodria, Francesco and Giannotti, Fosca and Guidotti, Riccardo and Naretto, Francesca and Pedreschi, Dino and Rinzivillo, Salvatore},
  journal={arXiv preprint arXiv:2102.13076},
  year={2021}
}

@inproceedings{ribeiro2016should,
  title={" Why should i trust you?" Explaining the predictions of any classifier},
  author={Ribeiro, Marco Tulio and Singh, Sameer and Guestrin, Carlos},
  booktitle={SIGKDD},
  year={2016}
}

@inproceedings{lundberg2017unified,
  title={A unified approach to interpreting model predictions},
  author={Lundberg, Scott M and Lee, Su-In},
  booktitle={NeurIPS},
  year={2017}
}

@inproceedings{fong2017interpretable,
  title={Interpretable explanations of black boxes by meaningful perturbation},
  author={Fong, Ruth C and Vedaldi, Andrea},
  booktitle={Proceedings of the IEEE international conference on computer vision},
  pages={3429--3437},
  year={2017}
}

@inproceedings{elliott2021explaining,
  title={Explaining Classifiers using Adversarial Perturbations on the Perceptual Ball},
  author={Elliott, Andrew and Law, Stephen and Russell, Chris},
  booktitle={Proceedings of the IEEE/CVF Conference on Computer Vision and Pattern Recognition},
  pages={10693--10702},
  year={2021}
}

@article{frosst2017distilling,
  title={Distilling a neural network into a soft decision tree},
  author={Frosst, Nicholas and Hinton, Geoffrey},
  journal={arXiv preprint arXiv:1711.09784},
  year={2017}
}

@article{zhou2018interpreting,
  title={Interpreting deep visual representations via network dissection},
  author={Zhou, Bolei and Bau, David and Oliva, Aude and Torralba, Antonio},
  journal={IEEE transactions on pattern analysis and machine intelligence},
  volume={41},
  number={9},
  pages={2131--2145},
  year={2018},
  publisher={IEEE}
}

@article{chen2018looks,
  title={This looks like that: deep learning for interpretable image recognition},
  author={Chen, Chaofan and Li, Oscar and Tao, Chaofan and Barnett, Alina Jade and Su, Jonathan and Rudin, Cynthia},
  journal={arXiv preprint arXiv:1806.10574},
  year={2018}
}

@inproceedings{esser2020disentangling,
  title={A disentangling invertible interpretation network for explaining latent representations},
  author={Esser, Patrick and Rombach, Robin and Ommer, Bjorn},
  booktitle={Proceedings of the IEEE/CVF Conference on Computer Vision and Pattern Recognition},
  pages={9223--9232},
  year={2020}
}

@article{shoshan2018regularized,
  title={Regularized adversarial examples for model interpretability},
  author={Shoshan, Yoel and Ratner, Vadim},
  journal={arXiv preprint arXiv:1811.07311},
  year={2018}
}

@article{simonyan2014very,
  title={Very deep convolutional networks for large-scale image recognition},
  author={Simonyan, Karen and Zisserman, Andrew},
  journal={arXiv preprint arXiv:1409.1556},
  year={2014}
}

@inproceedings{zeiler2014visualizing,
  title={Visualizing and understanding convolutional networks},
  author={Zeiler, Matthew D and Fergus, Rob},
  booktitle={European conference on computer vision},
  pages={818--833},
  year={2014},
  organization={Springer}
}

@article{springenberg2014striving,
  title={Striving for simplicity: The all convolutional net},
  author={Springenberg, Jost Tobias and Dosovitskiy, Alexey and Brox, Thomas and Riedmiller, Martin},
  journal={arXiv preprint arXiv:1412.6806},
  year={2014}
}

@article{adebayo2018local,
  title={Local explanation methods for deep neural networks lack sensitivity to parameter values},
  author={Adebayo, Julius and Gilmer, Justin and Goodfellow, Ian and Kim, Been},
  journal={arXiv preprint arXiv:1810.03307},
  year={2018}
}

@article{baehrens2010explain,
  title={How to explain individual classification decisions},
  author={Baehrens, David and Schroeter, Timon and Harmeling, Stefan and Kawanabe, Motoaki and Hansen, Katja and M{\"u}ller, Klaus-Robert},
  journal={The Journal of Machine Learning Research},
  volume={11},
  pages={1803--1831},
  year={2010},
  publisher={JMLR. org}
}

@article{smilkov2017smoothgrad,
  title={Smoothgrad: removing noise by adding noise},
  author={Smilkov, Daniel and Thorat, Nikhil and Kim, Been and Vi{\'e}gas, Fernanda and Wattenberg, Martin},
  journal={arXiv preprint arXiv:1706.03825},
  year={2017}
}


@inproceedings{jalwana2020attack,
  title={Attack to explain deep representation},
  author={Jalwana, Mohammad AAK and Akhtar, Naveed and Bennamoun, Mohammed and Mian, Ajmal},
  booktitle={Proceedings of the IEEE/CVF Conference on Computer Vision and Pattern Recognition},
  pages={9543--9552},
  year={2020}
}

@inproceedings{zhou2016learning,
  title={Learning deep features for discriminative localization},
  author={Zhou, Bolei and Khosla, Aditya and Lapedriza, Agata and Oliva, Aude and Torralba, Antonio},
  booktitle={Proceedings of the IEEE conference on computer vision and pattern recognition},
  pages={2921--2929},
  year={2016}
}

@inproceedings{ramaswamy2020ablation,
  title={Ablation-cam: Visual explanations for deep convolutional network via gradient-free localization},
  author={Ramaswamy, Harish Guruprasad and others},
  booktitle={WACV},
  year={2020}
}

@inproceedings{muhammad2020eigen,
  title={Eigen-CAM: Class Activation Map using Principal Components},
  author={Muhammad, Mohammed Bany and Yeasin, Mohammed},
  booktitle={2020 International Joint Conference on Neural Networks (IJCNN)},
  pages={1--7},
  year={2020},
  organization={IEEE}
}

@article{jiang2021layercam,
  title={LayerCAM: Exploring Hierarchical Class Activation Maps for Localization},
  author={Jiang, Peng-Tao and Zhang, Chang-Bin and Hou, Qibin and Cheng, Ming-Ming and Wei, Yunchao},
  journal={TIP},
  year={2021}
}

@article{wang2020ss,
  title={SS-CAM: Smoothed Score-CAM for sharper visual feature localization},
  author={Wang, Haofan and Naidu, Rakshit and Michael, Joy and Kundu, Soumya Snigdha},
  journal={arXiv preprint arXiv:2006.14255},
  year={2020}
}

@inproceedings{rebuffi2020there,
  title={There and back again: Revisiting backpropagation saliency methods},
  author={Rebuffi, Sylvestre-Alvise and Fong, Ruth and Ji, Xu and Vedaldi, Andrea},
  booktitle={Proceedings of the IEEE/CVF Conference on Computer Vision and Pattern Recognition},
  pages={8839--8848},
  year={2020}
}

@article{bach2015pixel,
  title={On pixel-wise explanations for non-linear classifier decisions by layer-wise relevance propagation},
  author={Bach, Sebastian and Binder, Alexander and Montavon, Gr{\'e}goire and Klauschen, Frederick and M{\"u}ller, Klaus-Robert and Samek, Wojciech},
  journal={PloS one},
  volume={10},
  number={7},
  year={2015},
  publisher={Public Library of Science San Francisco, CA USA}
}

@inproceedings{landecker2013interpreting,
  title={Interpreting individual classifications of hierarchical networks},
  author={Landecker, Will and Thomure, Michael D and Bettencourt, Lu{\'\i}s MA and Mitchell, Melanie and Kenyon, Garrett T and Brumby, Steven P},
  booktitle={2013 IEEE Symposium on Computational Intelligence and Data Mining (CIDM)},
  pages={32--38},
  year={2013},
  organization={IEEE}
}

@article{arras2017explaining,
  title={Explaining recurrent neural network predictions in sentiment analysis},
  author={Arras, Leila and Montavon, Gr{\'e}goire and M{\"u}ller, Klaus-Robert and Samek, Wojciech},
  journal={arXiv preprint arXiv:1706.07206},
  year={2017}
}
@article{arras2019evaluating,
  title={Evaluating recurrent neural network explanations},
  author={Arras, Leila and Osman, Ahmed and M{\"u}ller, Klaus-Robert and Samek, Wojciech},
  journal={arXiv preprint arXiv:1904.11829},
  year={2019}
}

@article{chang2018explaining,
  title={Explaining image classifiers by counterfactual generation},
  author={Chang, Chun-Hao and Creager, Elliot and Goldenberg, Anna and Duvenaud, David},
  journal={arXiv preprint arXiv:1807.08024},
  year={2018}
}

@article{dabkowski2017real,
  title={Real time image saliency for black box classifiers},
  author={Dabkowski, Piotr and Gal, Yarin},
  journal={arXiv preprint arXiv:1705.07857},
  year={2017}
}

@article{phang2020investigating,
  title={Investigating and Simplifying Masking-based Saliency Methods for Model Interpretability},
  author={Phang, Jason and Park, Jungkyu and Geras, Krzysztof J},
  journal={arXiv preprint arXiv:2010.09750},
  year={2020}
}

@article{zolna2020classifier,
  title={Classifier-agnostic saliency map extraction},
  author={Zolna, Konrad and Geras, Krzysztof J and Cho, Kyunghyun},
  journal={Computer Vision and Image Understanding},
  volume={196},
  pages={102969},
  year={2020},
  publisher={Elsevier}
}

@article{li2021interpretable,
  title={Interpretable Deep Learning: Interpretation, Interpretability, Trustworthiness, and Beyond},
  author={Li, Xuhong and Xiong, Haoyi and Li, Xingjian and Wu, Xuanyu and Zhang, Xiao and Liu, Ji and Bian, Jiang and Dou, Dejing},
  journal={arXiv preprint arXiv:2103.10689},
  year={2021}
}

@inproceedings{wagner2019interpretable,
  title={Interpretable and fine-grained visual explanations for convolutional neural networks},
  author={Wagner, Jorg and Kohler, Jan Mathias and Gindele, Tobias and Hetzel, Leon and Wiedemer, Jakob Thaddaus and Behnke, Sven},
  booktitle={Proceedings of the IEEE/CVF Conference on Computer Vision and Pattern Recognition},
  pages={9097--9107},
  year={2019}
}

@inproceedings{shrikumar2017learning,
  title={Learning important features through propagating activation differences},
  author={Shrikumar, Avanti and Greenside, Peyton and Kundaje, Anshul},
  booktitle={International Conference on Machine Learning},
  pages={3145--3153},
  year={2017},
  organization={PMLR}
}

@article{zhang2018top,
  title={Top-down neural attention by excitation backprop},
  author={Zhang, Jianming and Bargal, Sarah Adel and Lin, Zhe and Brandt, Jonathan and Shen, Xiaohui and Sclaroff, Stan},
  journal={International Journal of Computer Vision},
  volume={126},
  number={10},
  pages={1084--1102},
  year={2018},
  publisher={Springer}
}

@conference{KoLa16,
  title = 	{Seed, Expand and Constrain: Three Principles for Weakly-Supervised Image Segmentation},
  author = 	{Kolesnikov, Alexander and Lampert, Christoph H.},
  booktitle = 	{European Conference on Computer Vision},
  year = 	{2016}
}

@inproceedings{AhCK19,
  title = 	{Weakly Supervised Learning of Instance Segmentation with Inter-Pixel Relations},
  author = 	{Ahn, Jiwoon and Cho, Sunghyun and Kwak, Suha},
  booktitle = 	{Computer Vision and Pattern Recognition},
  year = 	{2019}
}

@inproceedings{bilen2016weakly,
  title={Weakly supervised deep detection networks},
  author={Bilen, Hakan and Vedaldi, Andrea},
  booktitle={Computer Vision and Pattern Recognition},
  year={2016}
}

@article{kingma2014adam,
  title={Adam: A method for stochastic optimization},
  author={Kingma, Diederik P and Ba, Jimmy},
  journal={arXiv preprint arXiv:1412.6980},
  year={2014}
}

@article{krizhevsky2012imagenet,
  title={Imagenet classification with deep convolutional neural networks},
  author={Krizhevsky, Alex and Sutskever, Ilya and Hinton, Geoffrey E},
  journal={Advances in neural information processing systems},
  volume={25},
  pages={1097--1105},
  year={2012}
}

@article{ILSVRC15,
Author = {Olga Russakovsky and Jia Deng and Hao Su and Jonathan Krause and Sanjeev Satheesh and Sean Ma and Zhiheng Huang and Andrej Karpathy and Aditya Khosla and Michael Bernstein and Alexander C. Berg and Li Fei-Fei},
Title = {{ImageNet Large Scale Visual Recognition Challenge}},
Year = {2015},
journal   = {International Journal of Computer Vision (IJCV)},
doi = {10.1007/s11263-015-0816-y},
volume={115},
number={3},
pages={211-252}
}

@inproceedings{he2016deep,
  title={Deep residual learning for image recognition},
  author={He, Kaiming and Zhang, Xiangyu and Ren, Shaoqing and Sun, Jian},
  booktitle={Proceedings of the IEEE conference on computer vision and pattern recognition},
  pages={770--778},
  year={2016}
}

@inproceedings{ioffe2015batch,
  title={Batch normalization: Accelerating deep network training by reducing internal covariate shift},
  author={Ioffe, Sergey and Szegedy, Christian},
  booktitle={International conference on machine learning},
  pages={448--456},
  year={2015},
  organization={PMLR}
}

@inproceedings{choe2020cvpr,
  title={Evaluating Weakly Supervised Object Localization Methods Right},
  author={Choe, Junsuk and Oh, Seong Joon and Lee, Seungho and Chun, Sanghyuk and Akata, Zeynep and Shim, Hyunjung},
  year = {2020},
  booktitle = {Conference on Computer Vision and Pattern Recognition (CVPR)},
  note = {to appear},
  pubstate = {published},
  tppubtype = {inproceedings}
}


%% Grad-CAM++
@article{omeiza2019smooth,
  title={Smooth grad-cam++: An enhanced inference level visualization technique for deep convolutional neural network models},
  author={Omeiza, Daniel and Speakman, Skyler and Cintas, Celia and Weldermariam, Komminist},
  journal={arXiv preprint arXiv:1908.01224},
  year={2019}
}

%% SHAP-Value
@incollection{NIPS2017_7062,
title = {A Unified Approach to Interpreting Model Predictions},
author = {Lundberg, Scott M and Lee, Su-In},
booktitle = {NeurIPS},
year = {2017},
url = {http://papers.nips.cc/paper/7062-a-unified-approach-to-interpreting-model-predictions.pdf}
}

@inproceedings{fong2019understanding,
  title={Understanding deep networks via extremal perturbations and smooth masks},
  author={Fong, Ruth and Patrick, Mandela and Vedaldi, Andrea},
  booktitle={Proceedings of the IEEE/CVF international conference on computer vision},
  pages={2950--2958},
  year={2019}
}

@article{krizhevsky2009learning,
  added-at = {2021-01-21T03:01:11.000+0100},
  author = {Krizhevsky, Alex},
  biburl = {https://www.bibsonomy.org/bibtex/2fe5248afe57647d9c85c50a98a12145c/s364315},
  interhash = {cc2d42f2b7ef6a4e76e47d1a50c8cd86},
  intrahash = {fe5248afe57647d9c85c50a98a12145c},
  keywords = {},
  pages = {32--33},
  timestamp = {2021-01-21T03:01:11.000+0100},
  title = {Learning Multiple Layers of Features from Tiny Images},
  url = {https://www.cs.toronto.edu/~kriz/learning-features-2009-TR.pdf},
  year = 2009
}

@article{fu2020axiom,
  title={Axiom-based grad-cam: Towards accurate visualization and explanation of cnns},
  author={Fu, Ruigang and Hu, Qingyong and Dong, Xiaohu and Guo, Yulan and Gao, Yinghui and Li, Biao},
  journal={arXiv preprint arXiv:2008.02312},
  year={2020}
}


@article{simonyan2013deep,
  author       = "Karen Simonyan and Andrea Vedaldi and Andrew Zisserman",
  title        = "Deep Inside Convolutional Networks: Visualising Image Classification Models and Saliency Maps",
  journal    = "ICLR Workshop",
  year         = "2014",
}



@article{montavon2017explaining,
  title={Explaining nonlinear classification decisions with deep taylor decomposition},
  author={Montavon, Gr{\'e}goire and Lapuschkin, Sebastian and Binder, Alexander and Samek, Wojciech and M{\"u}ller, Klaus-Robert},
  journal={PR},
  year={2017}
}


@inproceedings{sundararajan2017axiomatic,
    author = {Sundararajan, Mukund and Taly, Ankur and Yan, Qiqi},
    title = {Axiomatic Attribution for Deep Networks},
    year = {2017},
    booktitle = {ICML},
}